@article{yuFeiJiZongTiDuoXueKeSheJiYouHuaDeXianZhuangYuFaZhanFangXiang2008,
  title = {飞机总体多学科设计优化的现状与发展方向},
  author = {余, 雄庆},
  date = {2008},
  journaltitle = {南京航空航天大学学报},
  pages = {417--426},
  issn = {1005-2615},
  url = {http://kns.cnki.net/kcms/detail/detail.aspx?filename=NJHK200804000&dbcode=CJFQ&dbname=CJFD2008&v=},
  urldate = {2020-02-29},
  keywords = {aircraft design,multidisciplinary design optimization,optimization,优化,多学科设计优化,飞行器设计},
  langid = {中文;},
  number = {04}
}
